% Encoding: UTF-8

@Book{Szeliski2010,
  title     = {Computer Vision},
  publisher = {Springer-Verlag GmbH},
  year      = {2010},
  author    = {Szeliski, Richard},
  isbn      = {1848829345},
  date      = {2010-11-01},
  ean       = {9781848829343},
  url       = {https://www.ebook.de/de/product/9630757/richard_szeliski_computer_vision.html},
}

@Book{Kuper2009,
  title     = {Soccernomics},
  publisher = {Nation Books},
  year      = {2009},
  author    = {Simon Kuper, Stefan Szymanski},
  isbn      = {9781568584256},
}

@Misc{,
}

@Comment{jabref-meta: databaseType:bibtex;}
