% Encoding: UTF-8

@BOOK{Gamo:1995,
address = {Warszawa},
author = {Gamow, George},
publisher = {Prószyński i S-ka},
title = {Pan Tompkins w Krainie Czarów},
year = {1995}
}

@MISC{url_link,
author = {OpenGLBook.com},
title = {Chapter 2: Vertices and Shapes},
year = {2009},
note = {\url{http://openglbook.com/chapter-2-vertices-and-shapes.html}}
}

@MANUAL{Weis:1995,
author = {Weiss, Michael},
note = {\url{http://math.ucr.edu/home/baez/physics/Relativity/SR/penrose.html}},
title = {Can you see the Lorenz-Fitzgerald contraction? Or: Penrose-Terell rotation},
year = {1995}
}

@article{Mantiuk13_GDOT, 
journal = {Computer Graphics Forum}, 
title = {Gaze-driven Object Tracking for Real Time Rendering}, 
author = {Radoslaw Mantiuk and Bartosz Bazyluk and Rafal K. Mantiuk },
pages = {163--173},
volume= {32},
number= {2},
year = {2013},
}

@inproceedings{Tomaszewska07,
author = {Anna Tomaszewska and Radoslaw Mantiuk}, 
title = {Image Registration for Multi-exposure High Dynamic Range Image Acquisition}, 
booktitle = {International Conference in Central Europe on Computer Graphics and Visualization, WSCG'07}, 
year = {2007}
}
@Comment{jabref-meta: databaseType:bibtex;}
